@book{lee,
  title     = {Introduction to Smooth Manifolds},
  author    = {Lee, John Marshall},
  edition   = {2},
  year      = {2012},
  pagetotal = {xvi+708},
  publisher = {Springer-Verlag New York},
  series    = {Graduate Texts in Mathematics},
  number    = {218},
  isbn      = {978-1-4419-9981-8},
  doi       = {10.1007/978-1-4419-9982-5}
}

